
@ARTICLE{MacLim10,
   author = {{Mackey}, J. and {Lim}, A.~J.},
    title = "{Dynamical models for the formation of elephant trunks in HII regions}",
  journal = {\mnras},
archivePrefix = "arXiv",
   eprint = {0912.1499},
 keywords = {hydrodynamics, radiative transfer, methods: numerical, HII regions},
     year = 2010,
    month = apr,
   volume = 403,
    pages = {714-730},
      doi = {10.1111/j.1365-2966.2009.16181.x},
   adsurl = {http://adsabs.harvard.edu/abs/2010MNRAS.403..714M},
  adsnote = {Provided by the SAO/NASA Astrophysics Data System}
}

@ARTICLE{MacLim11b,
   author = {{Mackey}, J. and {Lim}, A.~J.},
    title = "{Radiation-MHD models of elephant trunks and globules in HII regions}",
  journal = {Bulletin de la Societe Royale des Sciences de Liege},
     year = 2011,
    month = jan,
   volume = 80,
    pages = {391-395},
   adsurl = {http://adsabs.harvard.edu/abs/2011BSRSL..80..391M},
  adsnote = {Provided by the SAO/NASA Astrophysics Data System}
}

@ARTICLE{LimMel03,
   author = {{Lim}, A.J. and {Mellema}, G.},
    title = "{3D radiation hydrodynamics: Interacting photo-evaporating clumps}",
  journal = {\aap},
 keywords = {hydrodynamics, radiative transfer, ISM: kinematics and dynamics, ISM: HII regions, planetary nebulae: general},
     year = 2003,
    month = jul,
   volume = 405,
    pages = {189-198},
       doi = {10.1051/0004-6361:20030583},
   adsurl = {http://adsabs.harvard.edu/abs/2003AandA...405..189L},
  adsnote = {Provided by the SAO/NASA Astrophysics Data System}
}

@ARTICLE{InnGidFal87a,
   author = {{Innes}, D.~E. and {Giddings}, J.~R. and {Falle}, S.~A.~E.~G.
	},
    title = "{Dynamical models of radiative shocks. I - Steady shocks}",
  journal = {\mnras},
 keywords = {DYNAMIC MODELS, INTERSTELLAR RADIATION, ION ATOM INTERACTIONS, RADIATION DISTRIBUTION, SHOCK WAVES, ATOMIC PHYSICS, COLLISIONAL PLASMAS, HIGH TEMPERATURE, STEADY FLOW},
     year = 1987,
    month = jan,
   volume = 224,
    pages = {179-192},
   adsurl = {http://adsabs.harvard.edu/abs/1987MNRAS.224..179I},
  adsnote = {Provided by the SAO/NASA Astrophysics Data System}
}

@ARTICLE{InnGidFal87b,
   author = {{Innes}, D.E. and {Giddings}, J.R. and {Falle}, S.A.E.G.
	},
    title = "{Dynamical models of radiative shocks. II - Unsteady shocks}",
  journal = {\mnras},
 keywords = {DYNAMIC MODELS, INTERSTELLAR SPACE, RADIATIVE TRANSFER, SHOCK WAVE PROPAGATION, COMPUTATIONAL ASTROPHYSICS, INTERSTELLAR GAS, SPECTRUM ANALYSIS, UNSTEADY STATE},
     year = 1987,
    month = may,
   volume = 226,
    pages = {67-93},
   adsurl = {http://adsabs.harvard.edu/abs/1987MNRAS.226...67I},
  adsnote = {Provided by the SAO/NASA Astrophysics Data System}
}

@ARTICLE{ColWoo84,
   author = {{Colella}, P. and {Woodward}, P.~R.},
    title = "{The Piecewise Parabolic Method (PPM) for Gas-Dynamical Simulations}",
  journal = {Journal of Computational Physics},
     year = 1984,
    month = sep,
   volume = 54,
    pages = {174-201},
      doi = {10.1016/0021-9991(84)90143-8},
   adsurl = {http://adsabs.harvard.edu/abs/1984JCoPh..54..174C},
  adsnote = {Provided by the SAO/NASA Astrophysics Data System}
}

@ARTICLE{Qui94,
   author = {{Quirk}, J.~J.},
    title = "{A contribution to the great Riemann solver debate}",
  journal = {International Journal for Numerical Methods in Fluids},
     year = 1994,
    month = mar,
   volume = 18,
    pages = {555-574},
      doi = {10.1002/fld.1650180603},
   adsurl = {http://adsabs.harvard.edu/abs/1994IJNMF..18..555Q},
  adsnote = {Provided by the SAO/NASA Astrophysics Data System}
}

@ARTICLE{DedKemKroEA02,
   author = {{Dedner}, A. and {Kemm}, F. and {Kr{\"o}ner}, D. and {Munz}, C.-D. and 
	{Schnitzer}, T. and {Wesenberg}, M.},
    title = "{Hyperbolic Divergence Cleaning for the MHD Equations}",
  journal = {Journal of Computational Physics},
     year = 2002,
    month = jan,
   volume = 175,
    pages = {645-673},
       doi = {10.1006/jcph.2001.6961},
   adsurl = {http://adsabs.harvard.edu/abs/2002JCoPh.175..645D},
  adsnote = {Provided by the SAO/NASA Astrophysics Data System}
}

@ARTICLE{OrsTan79,
   author = {{Orszag}, S.~A. and {Tang}, {C.-M.}},
    title = "{Small-scale structure of two-dimensional magnetohydrodynamic turbulence}",
  journal = {Journal of Fluid Mechanics},
 keywords = {DIGITAL SIMULATION, MAGNETOHYDRODYNAMIC TURBULENCE, SMALL PERTURBATION FLOW, TWO DIMENSIONAL FLOW, EQUATIONS OF MOTION, INCOMPRESSIBLE FLUIDS, MAGNETIC FIELD CONFIGURATIONS, THREE DIMENSIONAL FLOW, VORTICES},
     year = 1979,
    month = jan,
   volume = 90,
    pages = {129-143},
      doi = {10.1017/S002211207900210X},
   adsurl = {http://adsabs.harvard.edu/abs/1979JFM....90..129O},
  adsnote = {Provided by the SAO/NASA Astrophysics Data System}
}


@ARTICLE{FalKomJoa98,
   author = {{Falle}, S.A.E.G. and {Komissarov}, S.S. and {Joarder}, P.
	},
    title = "{A multidimensional upwind scheme for magnetohydrodynamics}",
  journal = {\mnras},
 keywords = {MHD},
     year = 1998,
    month = jun,
   volume = 297,
    pages = {265-277},
       doi = {10.1046/j.1365-8711.1998.01506.x},
   adsurl = {http://adsabs.harvard.edu/abs/1998MNRAS.297..265F},
  adsnote = {Provided by the SAO/NASA Astrophysics Data System}
}

@article{RoeBal96,
author = {{Roe}, P.L. and {Balsara}, D.S.},
title = "{Notes on the Eigensystem of Magnetohydrodynamics}",
publisher = {SIAM},
year = {1996},
journal = {SIAM Journal on Applied Mathematics},
volume = {56},
number = {1},
pages = {57-67},
keywords = {magnetohydrodynamics; eigenvectors; numerical flux function},
url = {http://link.aip.org/link/?SMM/56/57/1},
 doi = {10.1137/S003613999427084X}
}


@ARTICLE{StoGarTeuEA08,
   author = {{Stone}, J.M. and {Gardiner}, T.A. and {Teuben}, P. and {Hawley}, J.F. and 
	{Simon}, J.B.},
    title = "{Athena: A New Code for Astrophysical MHD}",
  journal = {\apjs},
archivePrefix = "arXiv",
   eprint = {0804.0402},
 keywords = {Hydrodynamics, Magnetohydrodynamics: MHD, Methods: Numerical},
     year = 2008,
    month = sep,
   volume = 178,
    pages = {137-177},
       doi = {10.1086/588755},
   adsurl = {http://adsabs.harvard.edu/abs/2008ApJS..178..137S},
  adsnote = {Provided by the SAO/NASA Astrophysics Data System}
}



